<record><leader>00000cas a2200000 i 4500</leader><controlfield tag="001">11887228</controlfield><controlfield tag="008">850404d19011909inuwr ne      0    0eng c</controlfield><datafield ind1=" " ind2=" " tag="010"><subfield code="a">sn 85047760 </subfield></datafield><datafield ind1=" " ind2=" " tag="040"><subfield code="a">NPI</subfield><subfield code="b">eng</subfield><subfield code="e">rda</subfield><subfield code="c">NPI</subfield><subfield code="d">OCLCQ</subfield><subfield code="d">IUL</subfield><subfield code="d">OCLCO</subfield><subfield code="d">OCLCF</subfield></datafield><datafield ind1=" " ind2=" " tag="042"><subfield code="a">pcc</subfield></datafield><datafield ind1=" " ind2=" " tag="043"><subfield code="a">n-us-in</subfield></datafield><datafield ind1="0" ind2=" " tag="130"><subfield code="a">Ripley journal (Osgood, Ind. : 1901)</subfield></datafield><datafield ind1="1" ind2="4" tag="245"><subfield code="a">The Ripley journal.</subfield></datafield><datafield ind1=" " ind2="1" tag="264"><subfield code="a">Osgood, Ind. :</subfield><subfield code="b">E.P. Shockley,</subfield><subfield code="c">1901-1909.</subfield></datafield><datafield ind1=" " ind2=" " tag="300"><subfield code="a">8 volumes</subfield></datafield><datafield ind1=" " ind2=" " tag="310"><subfield code="a">Weekly</subfield></datafield><datafield ind1=" " ind2=" " tag="336"><subfield code="a">text</subfield><subfield code="b">txt</subfield><subfield code="2">rdacontent</subfield></datafield><datafield ind1=" " ind2=" " tag="337"><subfield code="a">unmediated</subfield><subfield code="b">n</subfield><subfield code="2">rdamedia</subfield></datafield><datafield ind1=" " ind2=" " tag="338"><subfield code="a">volume</subfield><subfield code="b">nc</subfield><subfield code="2">rdacarrier</subfield></datafield><datafield ind1="0" ind2=" " tag="362"><subfield code="a">Volume XXXV, number 46 (November 13, 1901)-volume XLIII, number 12 (March 10, 1909).</subfield></datafield><datafield ind1=" " ind2=" " tag="588"><subfield code="a">Title from masthead.</subfield></datafield><datafield ind1=" " ind2="0" tag="651"><subfield code="a">Osgood (Ind.)</subfield><subfield code="v">Newspapers.</subfield></datafield><datafield ind1=" " ind2="0" tag="651"><subfield code="a">Ripley County (Ind.)</subfield><subfield code="v">Newspapers.</subfield></datafield><datafield ind1=" " ind2="7" tag="651"><subfield code="a">Indiana</subfield><subfield code="z">Osgood.</subfield><subfield code="2">fast</subfield><subfield code="0">(OCoLC)fst01285890</subfield></datafield><datafield ind1=" " ind2="7" tag="651"><subfield code="a">Indiana</subfield><subfield code="z">Ripley County.</subfield><subfield code="2">fast</subfield><subfield code="0">(OCoLC)fst01218132</subfield></datafield><datafield ind1=" " ind2="7" tag="655"><subfield code="a">Newspapers.</subfield><subfield code="2">fast</subfield><subfield code="0">(OCoLC)fst01423814</subfield></datafield><datafield ind1=" " ind2=" " tag="752"><subfield code="a">United States</subfield><subfield code="b">Indiana</subfield><subfield code="c">Ripley</subfield><subfield code="d">Osgood.</subfield></datafield><datafield ind1="0" ind2="0" tag="780"><subfield code="t">Journal (Osgood, Ind.)</subfield><subfield code="w">(DLC)sn 85047759</subfield><subfield code="w">(OCoLC)11886804</subfield></datafield><datafield ind1="0" ind2="0" tag="785"><subfield code="t">Osgood journal</subfield><subfield code="w">(DLC)sn 84045486</subfield><subfield code="w">(OCoLC)11379103</subfield></datafield><datafield ind1="4" ind2="1" tag="856"><subfield code="u">https://access.newspaperarchive.com/us/indiana/osgood/osgood-journal/</subfield></datafield><datafield ind1="4" ind2="1" tag="856"><subfield code="u">https://access.newspaperarchive.com/us/indiana/osgood/osgood-ripley-journal/</subfield></datafield></record>